Pour author, les noms et prénoms sont séparés par une vigule, et les différents auteurs par AND

@phdthesis{Thèse,
author={Yildizoglu, Romain},
school={Université de Bordeaux},
title={Etudes de relaxations en traitement d'images. Application à la segmentation et autres problèmes multi-étiqueettes},
year={2014}
}

@unpublished{chambolle:hal-00490826,
  TITLE = {{A first-order primal-dual algorithm for convex problems with applications to imaging}},
  AUTHOR = {Chambolle, Antonin and Pock, Thomas},
  URL = {https://hal.archives-ouvertes.fr/hal-00490826},
  NOTE = {working paper or preprint},
  YEAR = {2010},
  MONTH = Jun,
  KEYWORDS = {Convex optimization ; Dual approaches ; Total variation ; Inverse problems ; Image reconstruction},
  PDF = {https://hal.archives-ouvertes.fr/hal-00490826/file/pd_alg_final.pdf},
  HAL_ID = {hal-00490826},
  HAL_VERSION = {v1},
}

@article{CEN,
author={Chan, Tony F. AND Esedoglu,Selim AND Nikolova, Mila},
title={Algorithms for Finding Global Minimizers of Image Segmentation and Denoising Models},
year={2004},
month={sep},
pages={22},
notes={Description de l'algo CEN}
}
@article{CV,
author={Chan, Tony F. AND Vese,Luminita A.},
title={Active Contours Without Edges},
year={2001},
month={feb},
pages={12},
notes={Description de l'algo CV}
}

@article{baeza:hal-00596060,
  TITLE = {{A narrow band method for the convex formulation of discrete multi-label problems}},
  AUTHOR = {Baeza, Antonio and Caselles, Vicent and Gargallo I Pirac{\'e}s, Pau and Papadakis, Nicolas},
  URL = {https://hal.archives-ouvertes.fr/hal-00596060},
  JOURNAL = {{Multiscale Modeling and Simulation: A SIAM Interdisciplinary Journal}},
  PUBLISHER = {{Society for Industrial and Applied Mathematics}},
  VOLUME = {8},
  NUMBER = {5},
  PAGES = {2048-2078},
  YEAR = {2010},
  MONTH = Dec,
  HAL_ID = {hal-00596060},
  HAL_VERSION = {v1},
}

@inproceedings{yildizoglu:hal-00834068,
  TITLE = {{A convex formulation for global histogram based binary segmentation}},
  AUTHOR = {Yildizoglu, Romain and Aujol, Jean-Fran{\c c}ois and Papadakis, Nicolas},
  URL = {https://hal.archives-ouvertes.fr/hal-00834068},
  BOOKTITLE = {{International Conference on Energy Minimization Methods in Computer Vision and Pattern Recognition}},
  ADDRESS = {Sweden},
  PAGES = {1-14},
  YEAR = {2013},
  MONTH = Aug,
  PDF = {https://hal.archives-ouvertes.fr/hal-00834068/file/hist_based_segm_EMMCVPR13.pdf},
  HAL_ID = {hal-00834068},
  HAL_VERSION = {v1},
}